@inproceedings{chen2003moving,
  title={A moving average based filtering system with its application to real-time QRS detection},
  author={Chen, HC and Chen, Szi-Wen},
  booktitle={Computers in Cardiology, 2003},
  pages={585--588},
  year={2003},
  organization={IEEE}
}

@article{goldberger2000physiobank,
  title={PhysioBank, PhysioToolkit, and PhysioNet: components of a new research resource for complex physiologic signals},
  author={Goldberger, Ary L and Amaral, Luis AN and Glass, Leon and Hausdorff, Jeffrey M and Ivanov, Plamen Ch and Mark, Roger G and Mietus, Joseph E and Moody, George B and Peng, Chung-Kang and Stanley, H Eugene},
  journal={circulation},
  volume={101},
  number={23},
  pages={e215--e220},
  year={2000},
  publisher={Am Heart Assoc}
}

@article{jager2003long,
  title={Long-term ST database: a reference for the development and evaluation of automated ischaemia detectors and for the study of the dynamics of myocardial ischaemia},
  author={Jager, Franc and Taddei, Alessandro and Moody, George B and Emdin, Michele and Antoli{\v{c}}, G and Dorn, Roman and Smrdel, Ales and Marchesi, Carlo and Mark, Roger G},
  journal={Medical and Biological Engineering and Computing},
  volume={41},
  number={2},
  pages={172--182},
  year={2003},
  publisher={Springer}
}

@article{pan1985real,
  title={A real-time QRS detection algorithm},
  author={Pan, Jiapu and Tompkins, Willis J},
  journal={IEEE transactions on biomedical engineering},
  number={3},
  pages={230--236},
  year={1985},
  publisher={IEEE}
}

@article{article2013,
author = {Yang, Hui and Kan, Chen and Liu, Gang and Chen, Yun},
year = {2013},
month = {10},
pages = {938-947},
title = {Spatiotemporal Differentiation of Myocardial Infarctions},
volume = {10},
journal = {Automation Science and Engineering, IEEE Transactions on},
doi = {10.1109/TASE.2013.2263497}
}
